This file was created with JabRef 2.1 beta.
Encoding: Cp1252

@ARTICLE{mean_shift_epan,
  author = {Comaniciu, D. and Meer, P.},
  title = {Mean shift: a robust approach toward feature space analysis},
  journal = {Pattern Analysis and Machine Intelligence, IEEE Transactions on},
  year = {2002},
  volume = {24},
  pages = {603--619},
  number = {5},
  month = {August},
  address = {Los Alamitos, CA, USA},
  citeulike-article-id = {462300},
  citeulike-linkout-0 = {http://doi.ieeecomputersociety.org/10.1109/34.1000236},
  citeulike-linkout-1 = {http://dx.doi.org/10.1109/34.1000236},
  citeulike-linkout-2 = {http://ieeexplore.ieee.org/xpls/abs_all.jsp?arnumber=1000236},
  day = {07},
  doi = {10.1109/34.1000236},
  issn = {0162-8828},
  keywords = {image-analysis, mean-shift, segmentation},
  owner = {Bart},
  posted-at = {2006-01-14 10:50:03},
  priority = {4},
  publisher = {IEEE Computer Society},
  timestamp = {2009.12.28},
  url = {http://dx.doi.org/10.1109/34.1000236}
}

@ARTICLE{mean_shift,
  author = {Comaniciu, Dorin and Ramesh, Visvanathan and Meer, Peter},
  title = {Kernel-Based Object Tracking},
  journal = {IEEE Trans. Pattern Anal. Mach. Intell.},
  year = {2003},
  volume = {25},
  pages = {564--575},
  number = {5},
  address = {Washington, DC, USA},
  doi = {http://dx.doi.org/10.1109/TPAMI.2003.1195991},
  issn = {0162-8828},
  publisher = {IEEE Computer Society}
}

@INBOOK{gevers_color,
  chapter = {2},
  pages = {11-48},
  title = {Color-Based Retrieval},
  publisher = {Springer-Verlag},
  year = {2001},
  editor = {Michael S. Lew},
  author = {Theo Gevers},
  owner = {Bart},
  timestamp = {2009.12.24}
}

@INBOOK{gevers_invariant,
  chapter = {9},
  pages = {203-224},
  title = {Color Feature Detection},
  publisher = {CRC Press},
  year = {2007},
  editor = {Rastislav Lukac and Konstantinos N. Plataniotis},
  author = {Theo Gevers and Joost van de Weijer and Harro Stokman},
  owner = {Bart},
  timestamp = {2009.12.28}
}

